<?xml version="1.0" encoding="UTF-8"?><collection xmlns="http://www.loc.gov/MARC21/slim"><record><leader>00459nam--2200181-i-4500</leader><controlfield tag="001">000030405</controlfield><controlfield tag="002">20161230</controlfield><controlfield tag="005">20170103180333</controlfield><controlfield tag="008">060222s1000------------r-----000-0-rum-d</controlfield><datafield ind1=" " ind2=" " tag="041"><subfield code="a">rum</subfield></datafield><datafield ind1=" " ind2=" " tag="080"><subfield code="a">531</subfield></datafield><datafield ind1="1" ind2=" " tag="100"><subfield code="a">G©Łbos, Zolt©Łn</subfield></datafield><datafield ind1="1" ind2="0" tag="245"><subfield code="a">Fundamentele mecanicii</subfield><subfield code="c">Z. Gabos, D. Mangeron, I. Stan</subfield></datafield><datafield ind1=" " ind2=" " tag="260"><subfield code="a">Bucuresti</subfield><subfield code="b">Editura Academiei R.S.R</subfield><subfield code="c">1962</subfield></datafield><datafield ind1=" " ind2=" " tag="300"><subfield code="a">386 p</subfield></datafield><datafield ind1="1" ind2=" " tag="700"><subfield code="a">Stan, I</subfield></datafield><datafield ind1=" " ind2=" " tag="852"><subfield code="a">8152</subfield><subfield code="c">531</subfield></datafield><datafield ind1=" " ind2=" " tag="CAT"><subfield code="a">SYS</subfield><subfield code="c">20170103</subfield><subfield code="h">180333</subfield></datafield></record></collection>